@FOOTNOTE{Note1,key="Note1",note="Thermodynamically, at $\beta \equiv 1/k_BT=0$, we have $\expval {H}^2_{std}=\Tr {H^2_0}/2^N$. Substituting eqn.~\ref {eq:h0h1} for $H_0$ yields $1/8$ on the RHS."}
@FOOTNOTE{Note2,key="Note2",note="When frozen, $\ket {\psi (t)}\approx \ket {s_N}$. From Eq.~(\ref {eq:driven:ham}), $\expval {\protect \hat  {H}_{0,1}}$ are both approx. constant. Averaging the square of $\expval {\protect \hat  {H}(t)}$ over long times yields dependency $\sim h^2 + \delta $, where $\delta \sim h_0\ll 1$. Thus, the std. devn. in time $\sim h\sim \omega $, since $\eta =4h/\omega $ is kept fixed."}
