@article{das_exotic_2010,
	title = {Exotic freezing of response in a quantum many-body system},
	author = {Das, Arnab},
	journal = {Phys. Rev. B},
	volume = {82},
	issue = {17},
	pages = {172402},
	numpages = {4},
	year = {2010},
	month = {Nov},
	publisher = {American Physical Society},
	doi = {10.1103/PhysRevB.82.172402},
	url = {https://link.aps.org/doi/10.1103/PhysRevB.82.172402}
}

@article{Ashhab2007,
	title = {Two-level systems driven by large-amplitude fields},
	author = {Ashhab, S. and Johansson, J. R. and Zagoskin, A. M. and Nori, Franco},
	journal = {Phys. Rev. A},
	volume = {75},
	issue = {6},
	pages = {063414},
	numpages = {9},
	year = {2007},
	month = {Jun},
	publisher = {American Physical Society},
	doi = {10.1103/PhysRevA.75.063414},
	url = {https://link.aps.org/doi/10.1103/PhysRevA.75.063414}
}

@article{Grossmann1991,
	title = {Coherent destruction of tunneling},
	author = {Grossmann, F. and Dittrich, T. and Jung, P. and H\"anggi, P.},
	journal = {Phys. Rev. Lett.},
	volume = {67},
	issue = {4},
	pages = {516--519},
	numpages = {0},
	year = {1991},
	month = {Jul},
	publisher = {American Physical Society},
	doi = {10.1103/PhysRevLett.67.516},
	url = {https://link.aps.org/doi/10.1103/PhysRevLett.67.516}
}
@article{Fujii2017,
	title = { Introduction to the Rotating Wave Approximation (RWA): Two Coherent Oscillations},
	author = {Fujii, K.},
	journal = { Journal of Modern Physics},
	volume = {8},
	pages = {2042-2058},
	numpages = {0},
	year = {2017},
	doi = {10.4236/jmp.2017.812124},
	url = {https://www.scirp.org/journal/paperinformation?paperid=80654}
}
@article{asmi_scar,
  title = {Dynamical Freezing and Scar Points in Strongly Driven Floquet Matter: Resonance vs Emergent Conservation Laws},
  author = {Haldar, Asmi and Sen, Diptiman and Moessner, Roderich and Das, Arnab},
  journal = {Phys. Rev. X},
  volume = {11},
  issue = {2},
  pages = {021008},
  numpages = {25},
  year = {2021},
  month = {Apr},
  publisher = {American Physical Society},
  doi = {10.1103/PhysRevX.11.021008},
  url = {https://link.aps.org/doi/10.1103/PhysRevX.11.021008}
}

@Comment{jabref-meta: databaseType:bibtex;}
